@inproceedings{Jurafsky1998LinguisticsIA,
  title={Linguistics in a computational world},
  author={Daniel Jurafsky},
  year={1998},
  url={https://api.semanticscholar.org/CorpusID:54137492}
}

# Embeddings and gender sterotypes

@article{Caliskan2016SemanticsDA,
  title={Semantics derived automatically from language corpora contain human-like biases},
  author={Aylin Caliskan and Joanna J. Bryson and Arvind Narayanan},
  journal={Science},
  year={2016},
  volume={356},
  pages={183 - 186},
  url={https://api.semanticscholar.org/CorpusID:23163324}
}

@article{Garg2017WordEQ,
  title={Word embeddings quantify 100 years of gender and ethnic stereotypes},
  author={Nikhil Garg and Londa Schiebinger and Dan Jurafsky and James Y. Zou},
  journal={Proceedings of the National Academy of Sciences},
  year={2017},
  volume={115},
  pages={E3635 - E3644},
  url={https://api.semanticscholar.org/CorpusID:4930886}
}

@article{Caliskan2022GenderBI,
  title={Gender Bias in Word Embeddings: A Comprehensive Analysis of Frequency, Syntax, and Semantics},
  author={Aylin Caliskan and Pimparkar Parth Ajay and Tessa E. S. Charlesworth and Robert Wolfe and Mahzarin R. Banaji},
  journal={Proceedings of the 2022 AAAI/ACM Conference on AI, Ethics, and Society},
  year={2022},
  url={https://api.semanticscholar.org/CorpusID:249431834}
}